@misc{Lichman:2013 ,
author = "M. Lichman",
year = "2013",
title = "{UCI} Machine Learning Repository",
url = "http://archive.ics.uci.edu/ml",
institution = "University of California, Irvine, School of Information and Computer Sciences" }

@inproceedings{Llorens:2008,
  title={The UJIpenchars Database: a Pen-Based Database of Isolated Handwritten Characters.},
  author={Llorens, David and Prat, Federico and Marzal, Andr{\'e}s and Vilar, Juan Miguel and Castro, Mar{\'\i}a Jos{\'e} and Amengual, Juan-Carlos and Barrachina, Sergio and Castellanos, Antonio and Boquera, Salvador Espa{\~n}a and G{\'o}mez, JA and others},
  booktitle={LREC},
  year={2008}
  url = "https://archive.ics.uci.edu/ml/datasets/UJI+Pen+Characters+\%28Version+2\%29"
}

@article{Zhu:2005,
  title={Semi-supervised learning literature survey},
  author={Zhu, Xiaojin},
  year={2005},
  url = "http://pages.cs.wisc.edu/~jerryzhu/research/ssl/semireview.html",
  institution = "University of Wisconsin, Madison, Computer Science Department"
}

@article{Alpaydin:1998,
  title={UCI pen-based recognition of handwritten digits data set},
  author={Alpaydin, E and Alimoglu, Fevzi},
  year={1998}
  institution={Department of Computer Engineering, Bogazici University}
  url="https://archive.ics.uci.edu/ml/datasets/Pen-Based+Recognition+of+Handwritten+Digits"
}
      
	