@article{DBLP:journals/corr/BalcanDM15,
  author    = {Maria{-}Florina Balcan and Travis Dick and Yishay Mansour},
title     = {On the geometry of output-code multi-class learning},
   journal   = {CoRR},
     volume = {abs/1511.03225},
   year = {2015},
 url = {http://arxiv.org/abs/1511.03225},
    timestamp = {Tue, 01 Dec 2015 19:22:34 +0100},
      biburl    = {http://dblp.uni-trier.de/rec/bib/journals/corr/BalcanDM15},
     bibsource = {dblp computer science bibliography, http://dblp.org}
}

@misc{Lichman:2013 ,
author = "M. Lichman",
year = "2013",
title = "{UCI} Machine Learning Repository",
url = "http://archive.ics.uci.edu/ml",
institution = "University of California, Irvine, School of Information and Computer Sciences" }

@inproceedings{belkin2005manifold,
  title={On Manifold Regularization.},
  author={Belkin, Misha and Niyogi, Partha and Sindhwani, Vikasy},
  year={2005},
  booktitle={AISTATS}
}

@inproceedings{blum1998combining,
  title={Combining labeled and unlabeled data with co-training},
  author={Blum, Avrim and Mitchell, Tom},
  booktitle={Proceedings of the eleventh annual conference on Computational learning theory},
  pages={92--100},
  year={1998},
  organization={ACM}
}

@inproceedings{joachims2003transductive,
  title={Transductive learning via spectral graph partitioning},
  author={Joachims, Thorsten and others},
  booktitle={ICML},
  vol={3},
  year={2003}
}

@inproceedings{dhillon2001co,
  title={Co-clustering documents and words using bipartite spectral graph partitioning},
  author={Dhillon, Inderjit S},
  booktitle={Proceedings of the seventh ACM SIGKDD international conference on Knowledge discovery and data mining},
  pages={269--274},
  year={2001},
  organization={ACM}
}

@techreport{joachims1999making,
  title={Making large scale SVM learning practical},
  author={Joachims, Thorsten},
  year={1999},
  institution={Universit{\"a}t Dortmund}
}

@inproceedings{Llorens:2008,
  title={The UJIpenchars Database: a Pen-Based Database of Isolated Handwritten Characters.},
  author={Llorens, David and Prat, Federico and Marzal, Andr{\'e}s and Vilar, Juan Miguel and Castro, Mar{\'\i}a Jos{\'e} and Amengual, Juan-Carlos and Barrachina, Sergio and Castellanos, Antonio and Boquera, Salvador Espa{\~n}a and G{\'o}mez, JA and others},
  booktitle={LREC},
  year={2008},
  url = "https://archive.ics.uci.edu/ml/datasets/UJI+Pen+Characters+\%28Version+2\%29"
}

@inproceedings{chapelle2006continuation,
  title={A continuation method for semi-supervised SVMs},
  author={Chapelle, Olivier and Chi, Mingmin and Zien, Alexander},
  booktitle={Proceedings of the 23rd international conference on Machine learning},
  pages={185--192},
  year={2006},
  organization={ACM}
}

@incollection{smola2003kernels,
  title={Kernels and regularization on graphs},
  author={Smola, Alexander J and Kondor, Risi},
  booktitle={Learning theory and kernel machines},
  pages={144--158},
  year={2003},
  publisher={Springer}
}

@article{bennett1999semi,
  title={Semi-supervised support vector machines},
  author={Bennett, Kristin and Demiriz, Ayhan and others},
  journal={Advances in Neural Information processing systems},
  pages={368--374},
  year={1999},
  publisher={MIT; 1998}
}

@article{chapelle2008optimization,
  title={Optimization techniques for semi-supervised support vector machines},
  author={Chapelle, Olivier and Sindhwani, Vikas and Keerthi, Sathiya S},
  journal={The Journal of Machine Learning Research},
  volume={9},
  pages={203--233},
  year={2008},
  publisher={JMLR. org}
}

@article{Zhu:2005,
  title={Semi-supervised learning literature survey},
  author={Zhu, Xiaojin},
  year={2005},
  url = "http://pages.cs.wisc.edu/~jerryzhu/research/ssl/semireview.html",
  institution = "University of Wisconsin, Madison, Computer Science Department"
}

@article{Alpaydin:1998,
  title={UCI pen-based recognition of handwritten digits data set},
  author={Alpaydin, E and Alimoglu, Fevzi},
  year={1998},
  institution={Department of Computer Engineering, Bogazici University},
  url="https://archive.ics.uci.edu/ml/datasets/Pen-Based+Recognition+of+Handwritten+Digits"
}

@inproceedings{Joachims:1999,
  title={Transductive Inference for Text Classifcation using Support Vector Machines},
  author={Joachims, T},
  year={1999},
  institution={Universit√§t Dortmund, LS VIII},
  booktitle={ICML},
  vol={99},
  pages={200-209},
  url="http://www.cs.cornell.edu/people/tj/publications/joachims_99c.pdf"}

@inproceedings{Lee:2013,
  title={Pseudo-label: The simple and efficient semi-supervised learning method for deep neural networks},
  author={Lee, Dong-Hyun},
  year={2013},
  volume={3},
  booktitle={Workshop on Challenges in Representation Learning, ICML},
}
    
